
@book{boissier_fin_1894,
  title     = {La Fin Du Paganisme},
  author    = {Boissier, Gaston},
  date      = {1894},
  volume    = {1},
  publisher = {{Hachette et cie}},
  file      = {/home/ubuntu/Zotero/storage/B7LHAL6W/books.html;/home/ubuntu/Zotero/storage/PUYXC2E8/books.html}
}


